@misc{martinez2014futuroigu,
  title   = {Instituto Geográfico Universitario (IGU): futuro y presente. Documento para la discusión. Consultoría gratuita y de código abierto para el IGU, por encargo de su Director},
  author = {Martínez Batlle, José Ramón},
  year = {2014},
  day = {16},
  month = {06}
}
@misc{preprints,
title =    {¿Qué es este asunto de los preprints?},
author =   {Spinak, Ernesto},
howpublished = {\url{http://blog.scielo.org/es/2016/11/22/que-es-este-asunto-de-los-preprints/#.WntSGuniY7I/}},
note = {[Internet; accesado junio-2017]},
}
@misc{prepublicacion,
author = {Wikipedia},
title = {Prepublicación --- Wikipedia{,} La enciclopedia libre},
year = {2017},
howpublished = {\url{https://es.wikipedia.org/wiki/Prepublicaci%C3%B3n}},
note = "[Internet; accesado junio-2017]"
}
@misc{revisionpares,
author = {Wikipedia},
title = {Revisión por pares --- Wikipedia{,} La enciclopedia libre},
year = {2017},
howpublished = {\url{https://es.wikipedia.org/wiki/Revisi%C3%B3n_por_pares}},
note = "[Internet; accesado junio-2017]"
}
@misc{arxiv,
author = {Wikipedia},
title = {ArXiv --- Wikipedia{,} La enciclopedia libre},
year = {2017},
howpublished = {\url{https://es.wikipedia.org/wiki/ArXiv}},
note = "[Internet; accesado junio-2017]"
}
@article{stark2018before,
  title={Before reproducibility must come preproducibility.},
  author={Stark, PB},
  journal={Nature},
  volume={557},
  number={7707},
  pages={613},
  year={2018}
}
@misc{geonames2018ngia,
author = {{National Geospatial Intelligence Agency}},
title = {GEOnet Names Server (GNS) Services},
year = {2018},
howpublished = {\url{http://geonames.nga.mil/gns/html/gns_services.html}},
note = "[Internet; accesado agosto-2018]"
}
@misc{planet2018planetexplorer,
author = {{Planet}},
title = {Planet Explorer},
year = {2018},
howpublished = {\url{https://www.planet.com/explorer/}},
note = "[Internet; accesado agosto-2018]"
}
@misc{nasa2013land,
  author={NASA/USGS},
  title={Land Processes Distributed Active Archive Center (LP DAAC)},
  year={2013},
  howpublished={\url{https://lpdaac.usgs.gov/}},
  note = "[Internet; accesado agosto-2018]"
}
@misc{hansen2015global,
  author={Hansen, Matthew C and Potapov, Peter V and Moore, Rebecca and Hancher, Matt and Turubanova, SA and Tyukavina, Alexandra and Thau, David and Stehman, SV and Goetz, SJ and Loveland, TR and others},
  title={Global Forest Change},
  year={2015},
  howpublished={\url{http://earthenginepartners.appspot.com/science-2013-global-forest}}
}
@misc{scihub2018copernicus,
  author={{European Space Agency (ESA)}},
  title={Copernicus Open Access Hub},
  year={2018},
  howpublished={\url{https://scihub.copernicus.eu/}},
  note = "[Internet; accesado agosto-2018]"
}
@misc{wiki2018markdown,
  author = {Wikipedia},
  title = {Markdown --- Wikipedia{,} La enciclopedia libre},
  year = {2018},
howpublished = {\url{https://es.wikipedia.org/w/index.php?title=Markdown&oldid=106962425}},
  note = "[Internet; descargado 17-agosto-2018]"
}